@misc{block2024gosling,
  author       = {{Block, Inc.}},
  title        = {Gosling: An on-device AI agent for Android},
  year         = {2024},
  publisher    = {GitHub},
  journal      = {GitHub repository},
  howpublished = {\url{https://github.com/block/gosling}}
}

@article{dettmers2023qlora,
  title={QLoRA: Efficient Finetuning of Quantized LLMs},
  author={Dettmers, Tim and Pagnoni, Artidoro and Holtzman, Ari and Zettlemoyer, Luke},
  journal={arXiv preprint arXiv:2305.14314},
  year={2023}
}

@inproceedings{houlsby2019parameter,
  title={Parameter-Efficient Transfer Learning for NLP},
  author={Houlsby, Neil and Giurgiu, Andrei and Jastrzebski, Stanislaw and Morrone, Bruna and de Laroussilhe, Quentin and Gesmundo, Andrea and Attariyan, Mona and Gelly, Sylvain},
  booktitle={Proceedings of the 36th International Conference on Machine Learning},
  year={2019}
}

@article{hu2021lora,
  title={LoRA: Low-Rank Adaptation of Large Language Models},
  author={Hu, Edward J. and Shen, Yelong and Wallis, Phillip and Allen-Zhu, Zeyuan and Li, Yuanzhi and Wang, Shean and Wang, Lu and Chen, Weizhu},
  journal={arXiv preprint arXiv:2106.09685},
  year={2021}
}

@misc{qwen2024qwen2,
  author       = {{Qwen Team}},
  title        = {Qwen2: The new generation of open-source large language models},
  year         = {2024},
  howpublished = {\url{https://qwenlm.github.io/blog/qwen2/}},
  note         = {Accessed: [Date of Access]}
}
